@INPROCEEDINGS{traffic, 
author={Ju-Won Hwang and Young-Seol Lee and Sung-Bae Cho}, 
booktitle={Evolutionary Computation (CEC), 2011 IEEE Congress on}, 
title={Structure evolution of dynamic Bayesian network for traffic accident detection}, 
year={2011}, 
month={June}, 
pages={1655-1671}, 
keywords={Bayes methods;artificial intelligence;belief networks;genetic algorithms;object detection;road accidents;road traffic;traffic engineering computing;artificial intelligence;dynamic Bayesian network;genetic algorithm;structure evolution process;traffic accident detection;uncertainty properties;Accidents;Bayesian methods;Genetic algorithms;Heuristic algorithms;Probabilistic logic;Uncertainty;Vehicle dynamics;Bayesian network;evolution;structure of dynamic Bayesian network}, 
doi={10.1109/CEC.2011.5949815}, 
ISSN={Pending},}

@INPROCEEDINGS{virus, 
author={Shabani, N. and Jahan, M.V.}, 
booktitle={Technology, Communication and Knowledge (ICTCK), 2014 International Congress on}, 
title={Metamorphic virus detection based on Bayesian network}, 
year={2014}, 
month={Nov}, 
pages={1-8}, 
keywords={assembly language;belief networks;computational complexity;computer viruses;learning (artificial intelligence);Bayesian network learning;NP-hard problem;antivirus software;assembly codes;computational complexity;hidden Markov model;hill climbing algorithm;metamorphic virus detection;opcodes extraction;role-opcode methods;virus body;virus recognition;Accuracy;Assembly;Bayes methods;Classification algorithms;Malware;Software;Viruses (medical)}, 
doi={10.1109/ICTCK.2014.7033515},}

@article{time,
  author    = {Paul Dagum and
               Adam Galper},
  title     = {Time series prediction using belief network models},
  journal   = {Int. J. Hum.-Comput. Stud.},
  volume    = {42},
  number    = {6},
  pages     = {617--632},
  year      = {1995},
  url       = {http://dx.doi.org/10.1006/ijhc.1995.1027},
  doi       = {10.1006/ijhc.1995.1027},
  timestamp = {Tue, 25 Nov 2003 08:28:07 +0100},
  biburl    = {http://dblp.uni-trier.de/rec/bib/journals/ijmms/DagumG95},
  bibsource = {dblp computer science bibliography, http://dblp.org}
}

@article{forecasting,
  author    = {Paul Dagum and
               Adam Galper and
               Eric Horvitz},
  title     = {Dynamic Network Models for Forecasting},
  journal   = {CoRR},
  volume    = {abs/1303.5396},
  year      = {2013},
  url       = {http://arxiv.org/abs/1303.5396},
  timestamp = {Mon, 08 Apr 2013 13:28:28 +0200},
  biburl    = {http://dblp.uni-trier.de/rec/bib/journals/corr/abs-1303-5396},
  bibsource = {dblp computer science bibliography, http://dblp.org}
}

@article{sleep,
  author    = {Paul Dagum and
               Adam Galper},
  title     = {Forecasting Sleep Apnea with Dynamic Network Models},
  journal   = {CoRR},
  volume    = {abs/1303.1461},
  year      = {2013},
  url       = {http://arxiv.org/abs/1303.1461},
  timestamp = {Mon, 08 Apr 2013 13:28:28 +0200},
  biburl    = {http://dblp.uni-trier.de/rec/bib/journals/corr/abs-1303-1461},
  bibsource = {dblp computer science bibliography, http://dblp.org}
}

@article{additive,
  author    = {Paul Dagum and
               Adam Galper},
  title     = {Additive Belief-Network Models},
  journal   = {CoRR},
  volume    = {abs/1303.1464},
  year      = {2013},
  url       = {http://arxiv.org/abs/1303.1464},
  timestamp = {Mon, 08 Apr 2013 13:28:28 +0200},
  biburl    = {http://dblp.uni-trier.de/rec/bib/journals/corr/abs-1303-1464},
  bibsource = {dblp computer science bibliography, http://dblp.org}
}

@INPROCEEDINGS{liu2010analysis,
  title={Analysis and prediction of trajectories using bayesian network},
  author={Liu, Chien-Liang and Jou, Emery and Lee, Chia-Hoang},
  booktitle={2010 Sixth International Conference on Natural Computation},
  volume={7},
  pages={3808--3812},
  year={2010},
  organization={IEEE}
}